%! Author = eva
%! Date = 10.03.2022

